<record><leader>00000cas a22000007a 4500</leader><controlfield tag="001">9745682</controlfield><controlfield tag="008">830727d18571864nyuwr ne      0    0eng d</controlfield><datafield ind1=" " ind2=" " tag="010"><subfield code="a">sn 83031019 </subfield></datafield><datafield ind1=" " ind2=" " tag="040"><subfield code="a">NPU</subfield><subfield code="b">eng</subfield><subfield code="c">NPU</subfield><subfield code="d">NPX</subfield><subfield code="d">NYS</subfield><subfield code="d">OCL</subfield><subfield code="d">NYS</subfield><subfield code="d">OCL</subfield><subfield code="d">OCLCQ</subfield><subfield code="d">OCLCF</subfield><subfield code="d">OCLCO</subfield></datafield><datafield ind1=" " ind2=" " tag="012"><subfield code="b">3</subfield></datafield><datafield ind1=" " ind2=" " tag="019"><subfield code="a">17557058</subfield></datafield><datafield ind1="1" ind2=" " tag="029"><subfield code="a">AU@</subfield><subfield code="b">000020226938</subfield></datafield><datafield ind1=" " ind2=" " tag="042"><subfield code="a">msc</subfield></datafield><datafield ind1=" " ind2=" " tag="043"><subfield code="a">n-us-ny</subfield></datafield><datafield ind1="0" ind2="4" tag="245"><subfield code="a">The Mohawk Valley American.</subfield></datafield><datafield ind1=" " ind2=" " tag="260"><subfield code="a">Fonda, N.Y. :</subfield><subfield code="b">C.B. Freeman</subfield></datafield><datafield ind1=" " ind2=" " tag="300"><subfield code="a">v. ;</subfield><subfield code="c">70 cm.</subfield></datafield><datafield ind1=" " ind2=" " tag="310"><subfield code="a">Weekly</subfield></datafield><datafield ind1="1" ind2=" " tag="362"><subfield code="a">Began in 1857; ceased in Mar. 1864?</subfield></datafield><datafield ind1=" " ind2=" " tag="500"><subfield code="a">Published in Fonda, N.Y., 1857-1859; in Fultonville, N.Y., 1859-1864.</subfield></datafield><datafield ind1=" " ind2=" " tag="588"><subfield code="a">Description based on: Vol. 1, no. 7 (May 26, 1857).</subfield></datafield><datafield ind1=" " ind2="0" tag="651"><subfield code="a">Fonda (N.Y.)</subfield><subfield code="v">Newspapers.</subfield></datafield><datafield ind1=" " ind2="0" tag="651"><subfield code="a">Fultonville (N.Y.)</subfield><subfield code="v">Newspapers.</subfield></datafield><datafield ind1=" " ind2="7" tag="655"><subfield code="a">Newspapers.</subfield><subfield code="2">fast</subfield><subfield code="0">(OCoLC)fst01423814</subfield></datafield><datafield ind1=" " ind2="7" tag="651"><subfield code="a">New York (State)</subfield><subfield code="z">Fonda.</subfield><subfield code="2">fast</subfield><subfield code="0">(OCoLC)fst01225020</subfield></datafield><datafield ind1=" " ind2="7" tag="651"><subfield code="a">New York (State)</subfield><subfield code="z">Fultonville.</subfield><subfield code="2">fast</subfield><subfield code="0">(OCoLC)fst01225022</subfield></datafield><datafield ind1=" " ind2=" " tag="752"><subfield code="a">United States</subfield><subfield code="b">New York</subfield><subfield code="c">Montgomery</subfield><subfield code="d">Fonda.</subfield></datafield><datafield ind1=" " ind2=" " tag="752"><subfield code="a">United States</subfield><subfield code="b">New York</subfield><subfield code="c">Montgomery</subfield><subfield code="d">Fultonville.</subfield></datafield><datafield ind1="0" ind2="0" tag="780"><subfield code="t">American star (Fonda, N.Y.)</subfield><subfield code="w">(DLC)sn 83031027</subfield></datafield><datafield ind1="0" ind2="7" tag="785"><subfield code="t">Fonda sentinel</subfield><subfield code="w">(DLC)sn 85042158</subfield></datafield><datafield ind1="0" ind2="7" tag="785"><subfield code="t">Mohawk Valley Democrat (Fonda, N.Y. : 1864)</subfield><subfield code="w">(DLC)sn 83031028</subfield></datafield></record>